<record><leader>00000cas a2200000 a 4500</leader><controlfield tag="001">21920646</controlfield><controlfield tag="008">900626d18751943iluwr ne      0   a0eng c</controlfield><datafield ind1=" " ind2=" " tag="010"><subfield code="a">sn 90050215 </subfield></datafield><datafield ind1=" " ind2=" " tag="040"><subfield code="a">ANU</subfield><subfield code="b">eng</subfield><subfield code="c">ANU</subfield><subfield code="d">NVF</subfield><subfield code="d">OCLCF</subfield><subfield code="d">NVF</subfield><subfield code="d">OCLCO</subfield></datafield><datafield ind1="1" ind2=" " tag="029"><subfield code="a">AU@</subfield><subfield code="b">000020607010</subfield></datafield><datafield ind1=" " ind2=" " tag="042"><subfield code="a">pcc</subfield></datafield><datafield ind1=" " ind2=" " tag="043"><subfield code="a">n-us-il</subfield></datafield><datafield ind1="0" ind2="4" tag="245"><subfield code="a">The La Harper.</subfield></datafield><datafield ind1="3" ind2=" " tag="246"><subfield code="a">LaHarper</subfield></datafield><datafield ind1=" " ind2=" " tag="260"><subfield code="a">La Harpe, Hancock County, Ill. :</subfield><subfield code="b">L.S. Cogswell,</subfield><subfield code="c">1875-1943.</subfield></datafield><datafield ind1=" " ind2=" " tag="300"><subfield code="a">v.</subfield></datafield><datafield ind1=" " ind2=" " tag="310"><subfield code="a">Weekly,</subfield><subfield code="b">Sept. 1, 1882-1943</subfield></datafield><datafield ind1=" " ind2=" " tag="321"><subfield code="a">Weekly,</subfield><subfield code="b">Oct. 22, 1875-Mar. 10, 1882</subfield></datafield><datafield ind1=" " ind2=" " tag="321"><subfield code="a">Semiweekly,</subfield><subfield code="b">Mar. 14, 1882-Aug. 25, 1882</subfield></datafield><datafield ind1="0" ind2=" " tag="362"><subfield code="a">Vol. 1, no. 1 (Oct. 22, 1875)-v. 68, no. 19 (Feb. 26, 1943).</subfield></datafield><datafield ind1=" " ind2="0" tag="651"><subfield code="a">La Harpe (Ill.)</subfield><subfield code="v">Newspapers.</subfield></datafield><datafield ind1=" " ind2="0" tag="651"><subfield code="a">Hancock County (Ill.)</subfield><subfield code="v">Newspapers.</subfield></datafield><datafield ind1=" " ind2="7" tag="651"><subfield code="a">Illinois</subfield><subfield code="z">Hancock County.</subfield><subfield code="2">fast</subfield><subfield code="0">(OCoLC)fst01206510</subfield></datafield><datafield ind1=" " ind2="7" tag="651"><subfield code="a">Illinois</subfield><subfield code="z">La Harpe.</subfield><subfield code="2">fast</subfield><subfield code="0">(OCoLC)fst01263289</subfield></datafield><datafield ind1=" " ind2="7" tag="655"><subfield code="a">Newspapers.</subfield><subfield code="2">fast</subfield><subfield code="0">(OCoLC)fst01423814</subfield></datafield><datafield ind1=" " ind2=" " tag="752"><subfield code="a">United States</subfield><subfield code="b">Illinois</subfield><subfield code="c">Hancock</subfield><subfield code="d">La Harpe.</subfield></datafield><datafield ind1="0" ind2="0" tag="780"><subfield code="t">La Harpe leader</subfield><subfield code="w">(DLC)sn 87082341</subfield><subfield code="w">(OCoLC)15301056</subfield></datafield><datafield ind1="0" ind2="4" tag="785"><subfield code="t">Quill (La Harpe, Ill.)</subfield><subfield code="w">(DLC)sn 87082340</subfield><subfield code="w">(OCoLC)15300998</subfield></datafield></record>